%Charlie's Pub @St. Genis-Pouilly
%https://www.tripadvisor.fr/Restaurant_Review-g675074-d7159769-Reviews-CHARLY_S_PUB-Saint_Genis_Pouilly_Ain_Auvergne_Rhone_Alpes.html

%Geneva airport
%https://www.gva.ch



@article{,
%archivePrefix = {arXiv},
%arxivId = {hep-ex/},
author = {},
doi = {},
journal = {},
number = {},
volume = {},
pages = {},
%primaryClass = {hep-ex},
title = {{}},
url = {},
year = {}
}


