%%%%%%%%%%%%%%%%%%%%%%%%%%%%%%%%%%%%%%%%%%%%
@article{2015lumi,
      author="{ATLAS Collaboration}",
      title          = "{Improved luminosity determination in pp collisions at
                        sqrt(s) = 7 TeV using the ATLAS detector at the LHC}",
      collaboration  = "ATLAS",
      journal        = "Eur. Phys. J.",
      volume         = "C73",
      year           = "2013",
      number         = "8",
      pages          = "2518",
      doi            = "10.1140/epjc/s10052-013-2518-3",
      eprint         = "1302.4393",
      archivePrefix  = "arXiv",
      primaryClass   = "hep-ex",
      reportNumber   = "CERN-PH-EP-2013-026",
      SLACcitation   = "%%CITATION = ARXIV:1302.4393;%%"
}
%%%%%%%%%%%%%%%%%%%%%%%%%%%%%%%%%%%%%%%%%%%%
@article{ATLASFullSimu:2010wqa,
      title          = "{The ATLAS Simulation Infrastructure}",
      author="{ATLAS Collaboration}",
      journal        = "Eur. Phys. J. C",
      volume         = "70",
      pages          = "823-874",
      doi            = "10.1140/epjc/s10052-010-1429-9",
      year           = "2010",
      eprint         = "1005.4568",
      archivePrefix  = "arXiv",
      primaryClass   = "physics.ins-det",
      reportNumber   = "CERN-PH-EP-2010-044",
      SLACcitation   = "%%CITATION = ARXIV:1005.4568;%%",                                                                                                                     
}

%%%%%%%%%%%%%%%%%%%%%%%%%%%%%%%%%%%%%%%%%%%%
@article{ATL-PHYS-PUB-2014-021,
    author         = "{ATLAS Collaboration}",
    title          = "{ATLAS Pythia~8 tunes to $7\;\mbox{TeV}$ data}",
    journal        = "{ATL-PHYS-PUB-2014-021}",
    url            = "http://cdsweb.cern.ch/record/1966419",
    year           = "2014",
}
%%%%%%%%%%%%%%%%%%%%%%%%%%%%%%%%%%%%%%%%%%%%
@article{ATL-PHYS-PUB-2016-002,
      author        = "{ATLAS Collaboration}",
      title         = "{Multi-Boson Simulation for 13 \TeV\ ATLAS Analyses}",
      institution   = "CERN",
      address       = "Geneva",
      journal       = "ATL-PHYS-PUB-2016-002",
      year          = "2016",
      reportNumber  = "ATL-PHYS-PUB-2016-002",
      url           = "http://cds.cern.ch/record/2119986",
}

%%%%%%%%%%%%%%%%%%%%%%%%%%%%%%%%%%%%%%%%%%%%
@article{ATL-PHYS-PUB-2016-003,
      author        = "{ATLAS Collaboration}",
      title         = "{Monte Carlo Generators for the Production of a $W$ or
                       $Z/\gamma^*$ Boson in Association with Jets at ATLAS in Run
                       2}",
      institution   = "CERN",
      address       = "Geneva",
      journal       = "ATL-PHYS-PUB-2016-003",
      year          = "2016",
      reportNumber  = "ATL-PHYS-PUB-2016-003",
      url           = "http://cds.cern.ch/record/2120133",
}

%%%%%%%%%%%%%%%%%%%%%%%%%%%%%%%%%%%%%%%%%%%%
@article{ATL-PHYS-PUB-2016-004,
      author        = "{ATLAS Collaboration}",
      title         = "{Simulation of top quark production for the ATLAS
                       experiment at $\sqrt{s} = 13 \TeV$}",
      institution   = "CERN",
      address       = "Geneva",
      journal       = "ATL-PHYS-PUB-2016-004",
      year          = "2016",
      reportNumber  = "ATL-PHYS-PUB-2016-004",
      url           = "http://cds.cern.ch/record/2120417",
}
%%%%%%%%%%%%%%%%%%%%%%%%%%%%%%%%%%%%%%%%%%%%
@article{ATL-PHYS-PUB-2016-005,
      author        = "{ATLAS Collaboration}",
      title         = "{Modelling of the $t\bar{t}H$ and $t\bar{t}V$ $(V=W,Z)$
                       processes for $\sqrt{s}=13$ TeV ATLAS analyses}",
      institution   = "CERN",
      address       = "Geneva",
      journal       = "ATL-PHYS-PUB-2016-005",
      year          = "2016",
      reportNumber  = "ATL-PHYS-PUB-2016-005",
      url           = "http://cds.cern.ch/record/2120826",
}
%%%%%%%%%%%%%%%%%%%%%%%%%%%%%%%%%%%%%%%%%%%%
@article{ATLAS-CONF-2014-018,
      author        = "{ATLAS Collaboration}",
      title         = "{Tagging and suppression of pileup jets with the ATLAS
                       detector}",
      institution   = "CERN",
      address       = "Geneva",
      journal       = "ATLAS-CONF-2014-018",
      year          = "2014",
      reportNumber  = "ATLAS-CONF-2014-018",
      url           = "http://cds.cern.ch/record/1700870",
}
%%%%%%%%%%%%%%%%%%%%%%%%%%%%%%%%%%%%%%%%%%%%
@article{ATLAS-CONF-2015-029,
      author        = "{ATLAS Collaboration}",
      title         = "{Selection of jets produced in 13 TeV proton-proton
                       collisions with the ATLAS detector}",
      institution   = "CERN",
      address       = "Geneva",
      journal       = "ATLAS-CONF-2015-029",
      year          = "2015",
      reportNumber  = "ATLAS-CONF-2015-029",
      url           = "http://cds.cern.ch/record/2037702",
}

@article{ATLAS-CONF-2014-046,
      author        = "{ATLAS Collaboration}",
      title         = "{Calibration of the performance of $b$-tagging for $c$ and
                       light-flavour jets in the 2012 ATLAS data}",
      institution   = "CERN",
      address       = "Geneva",
      journal       = "ATLAS-CONF-2014-046",
      year          = "2014",
      reportNumber  = "ATLAS-CONF-2014-046",
      url           = "http://cds.cern.ch/record/1741020",
}


%%%%%%%%%%%%%%%%%%%%%%%%%%%%%%%%%%%%%%%%%%%%
@article{ATLAS-CONF-2016-024,
      author        = "{ATLAS Collaboration}",
      title         = "{Electron efficiency measurements with the ATLAS detector
                       using the 2015 LHC proton-proton collision data}",
      institution   = "CERN",
      address       = "Geneva",
      journal       = "ATLAS-CONF-2016-024",
      year          = "2016",
      reportNumber  = "ATLAS-CONF-2016-024",
      url           = "https://cds.cern.ch/record/2157687",
}

@article{ATL-PHYS-PUB-2015-022,
      author        = "{ATLAS Collaboration}",
      title         = "{Expected performance of the ATLAS $b$-tagging algorithms
                       in Run-2}",
      institution   = "CERN",
      address       = "Geneva",
      journal       = "ATL-PHYS-PUB-2015-022",
      year          = "2015",
      reportNumber  = "ATL-PHYS-PUB-2015-022",
      url           = "http://cds.cern.ch/record/2037697",
}



%%%%%%%%%%%%%%%%%%%%%%%%%%%%%%%%%%%%%%%%%%%%
@article{ATLAS:2012uec,
      author         = "{ATLAS Collaboration}",
      title          = "{Summary of ATLAS Pythia 8 tunes}",
      collaboration  = "ATLAS",
      journal        = "{ATL-PHYS-PUB-2012-003}",
      year           = "2012",
      reportNumber   = "ATL-PHYS-PUB-2012-003",
      url            = "http://cds.cern.ch/record/1474107",
      SLACcitation   = "%%CITATION = ATL-PHYS-PUB-2012-003;%%"
}

%%%%%%%%%%%%%%%%%%%%%%%%%%%%%%%%%%%%%%%%%%%%
@article{Aaboud:2016hhf,
      author         = "Aaboud, Morad and others",
      title          = "{Luminosity determination in pp collisions at $\sqrt{s}$
                        = 8 TeV using the ATLAS detector at the LHC}",
      collaboration  = "ATLAS",
      journal        = "Eur. Phys. J.",
      volume         = "C76",
      year           = "2016",
      number         = "12",
      pages          = "653",
      doi            = "10.1140/epjc/s10052-016-4466-1",
      eprint         = "1608.03953",
      archivePrefix  = "arXiv",
      primaryClass   = "hep-ex",
      reportNumber   = "CERN-EP-2016-117",
      SLACcitation   = "%%CITATION = ARXIV:1608.03953;%%"
}
%%%%%%%%%%%%%%%%%%%%%%%%%%%%%%%%%%%%%%%%%%%%
@article{Aad:2015baa,
	      author         = "{ATLAS Collaboration}",
	      title          = "{Summary of the ATLAS experiment’s sensitivity to
	                        supersymmetry after LHC Run 1 — interpreted in the
	                        phenomenological MSSM}",
	      collaboration  = "ATLAS",
	      journal        = "JHEP",
	      volume         = "10",
	      year           = "2015",
	      pages          = "134",
	      doi            = "10.1007/JHEP10(2015)134",
	      eprint         = "1508.06608",
	      archivePrefix  = "arXiv",
	      primaryClass   = "hep-ex",
	      reportNumber   = "CERN-PH-EP-2015-214",
	      SLACcitation   = "%%CITATION = ARXIV:1508.06608;%%"
	}
%%%%%%%%%%%%%%%%%%%%%%%%%%%%%%%%%%%%%%%%%%%%
@article{Aad:2015iea,
      author         = "{ATLAS Collaboration}",
      title          = "{Summary of the searches for squarks and gluinos using $
                        \sqrt{s}=8 $ TeV pp collisions with the ATLAS experiment
                        at the LHC}",
      collaboration  = "ATLAS",
      journal        = "JHEP",
      volume         = "10",
      year           = "2015",
      pages          = "054",
      doi            = "10.1007/JHEP10(2015)054",
      eprint         = "1507.05525",
      archivePrefix  = "arXiv",
      primaryClass   = "hep-ex",
      reportNumber   = "CERN-PH-EP-2015-162",
      SLACcitation   = "%%CITATION = ARXIV:1507.05525;%%"
}
%%%%%%%%%%%%%%%%%%%%%%%%%%%%%%%%%%%%%%%%%%%%
%%%%%%%%%%%%%%%%%%%%%%%%%%%%%%%%%%%%%%%%%%%%
@article{Aad:2015mia,
      author         = "{ATLAS Collaboration}",
      title          = "{Search for squarks and gluinos in events with isolated
                        leptons, jets and missing transverse momentum at
                        $\sqrt{s}=8$ TeV with the ATLAS detector}",
      collaboration  = "ATLAS",
      journal        = "JHEP",
      volume         = "04",
      year           = "2015",
      pages          = "116",
      doi            = "10.1007/JHEP04(2015)116",
      eprint         = "1501.03555",
      archivePrefix  = "arXiv",
      primaryClass   = "hep-ex",
      reportNumber   = "CERN-PH-EP-2014-278",
      SLACcitation   = "%%CITATION = ARXIV:1501.03555;%%"
}
%%%%%%%%%%%%%%%%%%%%%%%%%%%%%%%%%%%%%%%%%%%%
@article{Aad:2016jkr,
      author         = "{ATLAS Collaboration}",
      title          = "{Muon reconstruction performance of the ATLAS detector in
                        proton–proton collision data at $\sqrt{s}$ =13 TeV}",
      journal        = "Eur. Phys. J.",
      volume         = "C76",
      year           = "2016",
      number         = "5",
      pages          = "292",
      doi            = "10.1140/epjc/s10052-016-4120-y",
      eprint         = "1603.05598",
      archivePrefix  = "arXiv",
      primaryClass   = "hep-ex",
      reportNumber   = "CERN-EP-2016-033",
      SLACcitation   = "%%CITATION = ARXIV:1603.05598;%%"
}

%%%%%%%%%%%%%%%%%%%%%%%%%%%%%%%%%%%%%%%%%%%%
@article{Aad:2016qqk,
      author         = "{ATLAS Collaboration}",
      title          = "{Search for gluinos in events with an isolated lepton,
                        jets and missing transverse momentum at $\sqrt{s}$ = 13
                        TeV with the ATLAS detector}",
      collaboration  = "ATLAS",
      journal        = "Eur. Phys. J. C",
      volume         = "76",
      year           = "2016",
      pages          = "565",
      doi            = "10.1140/epjc/s10052-016-4397-x",
      eprint         = "1605.04285",
      archivePrefix  = "arXiv",
      primaryClass   = "hep-ex",
      reportNumber   = "CERN-EP-2016-037",
      SLACcitation   = "%%CITATION = ARXIV:1605.04285;%%"
}
%%%%%%%%%%%%%%%%%%%%%%%%%%%%%%%%%%%%%%%%%%%%
@article{Agostinelli:2002hh,
      author         = "Agostinelli, S. and others",
      title          = "{GEANT4: A Simulation toolkit}",
      journal        = "Nucl. Instrum. Meth. A",
      volume         = "506",
      pages          = "250-303",
      doi            = "10.1016/S0168-9002(03)01368-8",
      year           = "2003",
      reportNumber   = "SLAC-PUB-9350, FERMILAB-PUB-03-339",
      SLACcitation   = "%%CITATION = NUIMA,A506,250;%%",                                                                                                                      
}

%%%%%%%%%%%%%%%%%%%%%%%%%%%%%%%%%%%%%%%%%%%%
@article{Alioli:2010xd,
      author         = "Alioli, Simone and Nason, Paolo and Oleari, Carlo and Re,
                        Emanuele",
      title          = "{A general framework for implementing NLO calculations in
                        shower Monte Carlo programs: the POWHEG BOX}",
      journal        = "JHEP",
      volume         = "06",
      pages          = "043",
      doi            = "10.1007/JHEP06(2010)043",
      year           = "2010",
      eprint         = "1002.2581",
      archivePrefix  = "arXiv",
      primaryClass   = "hep-ph",
}

%%%%%%%%%%%%%%%%%%%%%%%%%%%%%%%%%%%%%%%%%%%%
@article{Allanach:2001kg,
	      author         = "Allanach, B. C.",
	      title          = "{SOFTSUSY: a program for calculating supersymmetric
	                        spectra}",
	      journal        = "\textit{Comput. Phys. Commun.}",
	      volume         = "143",
	      NOpages          = "305-331",
	      pages          = "305",
	      doi            = "10.1016/S0010-4655(01)00460-X",
	      year           = "2002",
	      eprint         = "hep-ph/0104145",
	      archivePrefix  = "arXiv",
	      DUPLICATEDprimaryClass   = "hep-ph",
	      reportNumber   = "CERN-TH-2001-102",
	      SLACcitation   = "%%CITATION = HEP-PH/0104145;%%",
}

%%%%%%%%%%%%%%%%%%%%%%%%%%%%%%%%%%%%%%%%%%%%
%%%%%%%%%%%%%%%%%%%%%%%%%%%%%%%%%%%%%%%%%%%%
@article{Alwall:2011uj,
      author         = "Alwall, Johan and Herquet, Michel and Maltoni, Fabio and
                        Mattelaer, Olivier and Stelzer, Tim",
      title          = "{MadGraph 5 : Going Beyond}",
      journal        = "JHEP",
      volume         = "06",
      year           = "2011",
      pages          = "128",
      doi            = "10.1007/JHEP06(2011)128",
      eprint         = "1106.0522",
      archivePrefix  = "arXiv",
      primaryClass   = "hep-ph",
      reportNumber   = "FERMILAB-PUB-11-448-T",
      SLACcitation   = "%%CITATION = ARXIV:1106.0522;%%"
}



%%%%%%%%%%%%%%%%%%%%%%%%%%%%%%%%%%%%%%%%%%%%
@article{Alwall:2014hca,
      author         = "Alwall, J. and Frederix, R. and Frixione, S. and Hirschi,
                        V. and Maltoni, F. and Mattelaer, O. and Shao, H. -S. and
                        Stelzer, T. and Torrielli, P. and Zaro, M.",
      title          = "{The automated computation of tree-level and
                        next-to-leading order differential cross sections, and
                        their matching to parton shower simulations}",
      journal        = "JHEP",
      volume         = "07",
      year           = "2014",
      pages          = "079",
      doi            = "10.1007/JHEP07(2014)079",
      eprint         = "1405.0301",
      archivePrefix  = "arXiv",
      primaryClass   = "hep-ph",
      reportNumber   = "CERN-PH-TH-2014-064, CP3-14-18, LPN14-066, MCNET-14-09,
                        ZU-TH-14-14"
}
%%%%%%%%%%%%%%%%%%%%%%%%%%%%%%%%%%%%%%%%%%%%
@article{Artoisenet:2012st,
      author         = "Artoisenet, Pierre and Frederix, Rikkert and Mattelaer,
                        Olivier and Rietkerk, Robbert",
      title          = "{Automatic spin-entangled decays of heavy resonances in
                        Monte Carlo simulations}",
      journal        = "JHEP",
      volume         = "03",
      pages          = "015",
      doi            = "10.1007/JHEP03(2013)015",
      year           = "2013",
      eprint         = "1212.3460",
      archivePrefix  = "arXiv",
      primaryClass   = "hep-ph",
      reportNumber   = "NIKHEF-2012-021, CERN-PH-TH-2012-329",
      SLACcitation   = "%%CITATION = ARXIV:1212.3460;%%",
}

%%%%%%%%%%%%%%%%%%%%%%%%%%%%%%%%%%%%%%%%%%%%
@article{B-layerRef,
     author     = "{ATLAS Collaboration}",
     title       = "{ATLAS Insertable B-Layer Technical Design Report}",
     journal      = "ATLAS-TDR-19",
     year        = "2010",
     url     = "http://cds.cern.ch/record/1291633",
}


%%%%%%%%%%%%%%%%%%%%%%%%%%%%%%%%%%%%%%%%%%%%
@article{Baak:2014wma,
      author         = "Baak, M. and Besjes, G. J. and Côte, D. and Koutsman, A.
                        and Lorenz, J. and Short, D.",
      title          = "{HistFitter software framework for statistical data
                        analysis}",
      journal        = "Eur. Phys. J. C",
      volume         = "75",
      year           = "2015",
      pages          = "153",
      doi            = "10.1140/epjc/s10052-015-3327-7",
      eprint         = "1410.1280",
      archivePrefix  = "arXiv",
      primaryClass   = "hep-ex",
      SLACcitation   = "%%CITATION = ARXIV:1410.1280;%%"
}

%%%%%%%%%%%%%%%%%%%%%%%%%%%%%%%%%%%%%%%%%%%%
@article{Bahr:2008pv,
      author         = "Bahr, M. and others",
      title          = "{Herwig++ Physics and Manual}",
      journal        = "Eur. Phys. J. C",
      volume         = "58",
      year           = "2008",
      pages          = "639-707",
      doi            = "10.1140/epjc/s10052-008-0798-9",
      eprint         = "0803.0883",
      archivePrefix  = "arXiv",
      primaryClass   = "hep-ph",
      reportNumber   = "CERN-PH-TH-2008-038, CAVENDISH-HEP-08-03, KA-TP-05-2008,
                        DCPT-08-22, IPPP-08-11, CP3-08-05",
      SLACcitation   = "%%CITATION = ARXIV:0803.0883;%%"
}


%%%%%%%%%%%%%%%%%%%%%%%%%%%%%%%%%%%%%%%%%%%%
@article{Ball:2012cx,
      author         = "Ball, Richard D. and others",
      title          = "{Parton distributions with LHC data}",
      journal        = "Nucl. Phys. B",
      volume         = "867",
      year           = "2013",
      pages          = "244-289",
      doi            = "10.1016/j.nuclphysb.2012.10.003",
      eprint         = "1207.1303",
      archivePrefix  = "arXiv",
      primaryClass   = "hep-ph",
      reportNumber   = "EDINBURGH-2012-08, IFUM-FT-997, FR-PHENO-2012-014,
                        RWTH-TTK-12-25, CERN-PH-TH-2012-037, SFB-CPP-12-47\,
                        --CERN-PH-TH-2012-037",
      SLACcitation   = "%%CITATION = ARXIV:1207.1303;%%"
}

%%%%%%%%%%%%%%%%%%%%%%%%%%%%%%%%%%%%%%%%%%%%
@article{Ball:2014uwa,
      author         = "Ball, Richard D. and others",
      title          = "{Parton distributions for the LHC Run II}",
      collaboration  = "NNPDF",
      journal        = "JHEP",
      volume         = "04",
      year           = "2015",
      pages          = "040",
      doi            = "10.1007/JHEP04(2015)040",
      eprint         = "1410.8849",
      archivePrefix  = "arXiv",
      primaryClass   = "hep-ph",
      reportNumber   = "EDINBURGH-2014-15, IFUM-1034-FT, CERN-PH-TH-2013-253,
                        OUTP-14-11P, CAVENDISH-HEP-14-11",
      SLACcitation   = "%%CITATION = ARXIV:1410.8849;%%"
}

%%%%%%%%%%%%%%%%%%%%%%%%%%%%%%%%%%%%%%%%%%%%
%%%%%%%%%%%%%%%%%%%%%%%%%%%%%%%%%%%%%%%%%%%%
@article{Borschensky:2014cia,
      author         = "Borschensky, Christoph and Krämer, Michael and Kulesza,
                        Anna and Mangano, Michelangelo and Padhi, Sanjay and
                        Plehn, Tilman and Portell, Xavier",
      title          = "{Squark and gluino production cross sections in pp
                        collisions at $\sqrt{s}$ = 13, 14, 33 and 100 TeV}",
      journal        = "Eur. Phys. J. C",
      volume         = "74",
      year           = "2014",
      pages          = "3174",
      doi            = "10.1140/epjc/s10052-014-3174-y",
      eprint         = "1407.5066",
      archivePrefix  = "arXiv",
      primaryClass   = "hep-ph",
      reportNumber   = "MS-TP-14-25, CERN-PH-TH-2014-137, TTK-14-13",
      SLACcitation   = "%%CITATION = ARXIV:1407.5066;%%"
}
%%%%%%%%%%%%%%%%%%%%%%%%%%%%%%%%%%%%%%%%%%%%
@article{CKKW,
      author         = "L{\"o}nnblad, L. and Prestel, S.",
      title          = "{Matching Tree-Level Matrix Elements with Interleaved Showers}",
      journal        = "JHEP",
      volume         = "03",
      year           = "2012",
      pages          = "019",
      doi            = "10.1007/JHEP03(2012)019",
      eprint         = "1109.4829",
      archivePrefix  = "arXiv",
      primaryClass   = "hep-ph",
}
%%%%%%%%%%%%%%%%%%%%%%%%%%%%%%%%%%%%%%%%%%%%
@article{Cascioli:2011va,
      author         = "Cascioli, Fabio and Maierhofer, Philipp and Pozzorini,
                        Stefano",
      title          = "{Scattering Amplitudes with Open Loops}",
      journal        = "Phys. Rev. Lett.",
      volume         = "108",
      year           = "2012",
      pages          = "111601",
      doi            = "10.1103/PhysRevLett.108.111601",
      eprint         = "1111.5206",
      archivePrefix  = "arXiv",
      primaryClass   = "hep-ph",
      reportNumber   = "ZU-TH-23-11, LPN11-66",
      SLACcitation   = "%%CITATION = ARXIV:1111.5206;%%"
}


%%%%%%%%%%%%%%%%%%%%%%%%%%%%%%%%%%%%%%%%%%%%
@article{Cowan:2010js,
      author         = "Cowan, Glen and Cranmer, Kyle and Gross, Eilam and
                        Vitells, Ofer",
      title          = "{Asymptotic formulae for likelihood-based tests of new
                        physics}",
      journal        = "Eur. Phys. J. C",
      volume         = "71",
      pages          = "1554",
      doi            = "10.1140/epjc/s10052-011-1554-0",
      year           = "2011",
      eprint         = "1007.1727",
      archivePrefix  = "arXiv",
      primaryClass   = "physics.data-an",
      SLACcitation   = "%%CITATION = ARXIV:1007.1727;%%",
}

%%%%%%%%%%%%%%%%%%%%%%%%%%%%%%%%%%%%%%%%%%%%
@article{Djouadi:2006bz,
	      author         = "Djouadi, A. and M{\"u}hlleitner, M.M. and Spira, M.",
	      title          = "{Decays of supersymmetric particles: The Program SUSY-HIT
	                        (SUspect-SdecaY-Hdecay-InTerface)}",
	      journal        = "Acta Phys. Polon.",
	      volume         = "B 38",
	      NOpages        = "635-644",
	      pages          = "635",
	      year           = "2007",
	      doi            = "10.1.1.341.7234",
	      eprint         = "hep-ph/0609292",
	      archivePrefix  = "arXiv",
	      DUPLICATEDprimaryClass   = "hep-ph",
	      reportNumber   = "CERN-PH-TH-2006-200",
	      SLACcitation   = "%%CITATION = HEP-PH/0609292;%%",
	}
	
%%%%%%%%%%%%%%%%%%%%%%%%%%%%%%%%%%%%%%%%%%%%
@Article{EvtGen,
    author         = "{D. J. Lange}",
    title          = "{The EvtGen particle decay simulation package}",
    journal        = "Nucl. Instrum. Meth. A",
    volume         = "462",
    year           = "2001",
    pages          = "152",
    doi            = "10.1016/S0168-9002(01)00089-4",
    primaryClass   = "hep-ex",
}
%%%%%%%%%%%%%%%%%%%%%%%%%%%%%%%%%%%%%%%%%%%%
@article{Farrar:1978xj,
      author         = "Farrar, Glennys R. and Fayet, Pierre",
      title          = "{Phenomenology of the Production, Decay, and Detection of
                        New Hadronic States Associated with Supersymmetry}",
      journal        = "Phys. Lett. B",
      volume         = "76",
      year           = "1978",
      pages          = "575-579",
      doi            = "10.1016/0370-2693(78)90858-4",
      reportNumber   = "CALT-68-648",
      SLACcitation   = "%%CITATION = PHLTA,B76,575;%%"
}

%%%%%%%%%%%%%%%%%%%%%%%%%%%%%%%%%%%%%%%%%%%%
@article{Frixione:2002ik,
      author         = "Frixione, Stefano and Webber, Bryan R.",
      title          = "{Matching NLO QCD computations and parton shower
                        simulations}",
      journal        = "JHEP",
      volume         = "06",
      year           = "2002",
      pages          = "029",
      doi            = "10.1088/1126-6708/2002/06/029",
      eprint         = "hep-ph/0204244",
      archivePrefix  = "arXiv",
      reportNumber   = "CAVENDISH-HEP-02-01, LAPTH-905-02, GEF-TH-2-2002",
      SLACcitation   = "%%CITATION = HEP-PH/0204244;%%"
}
%%%%%%%%%%%%%%%%%%%%%%%%%%%%%%%%%%%%%%%%%%%%
@article{Gavin:2010az,
      author         = "Gavin, Ryan and Li, Ye and Petriello, Frank and
                        Quackenbush, Seth",
      title          = "{FEWZ 2.0: A code for hadronic Z production at
                        next-to-next-to-leading order}",
      journal        = "Comput. Phys. Commun.",
      volume         = "182",
      year           = "2011",
      pages          = "2388-2403",
      doi            = "10.1016/j.cpc.2011.06.008",
      eprint         = "1011.3540",
      archivePrefix  = "arXiv",
      primaryClass   = "hep-ph",
      reportNumber   = "ANL-HEP-PR-10-60",
      SLACcitation   = "%%CITATION = ARXIV:1011.3540;%%"
}

%%%%%%%%%%%%%%%%%%%%%%%%%%%%%%%%%%%%%%%%%%%%
@article{Gleisberg:2008fv,
      author         = "Gleisberg, Tanju and H{\"o}che, Stefan",
      title          = "{Comix, a new matrix element generator}",
      journal        = "JHEP",
      volume         = "12",
      pages          = "039",
      doi            = "10.1088/1126-6708/2008/12/039",
      year           = "2008",
      eprint         = "0808.3674",
      archivePrefix  = "arXiv",
      primaryClass   = "hep-ph",
}


%%%%%%%%%%%%%%%%%%%%%%%%%%%%%%%%%%%%%%%%%%%%
@article{Gleisberg:2008ta,
      author         = "Gleisberg, T. and H{\"o}che, Stefan. and Krauss, F. and
                        Sch{\"o}nherr, M. and Schumann, S. and others",
      title          = "{Event generation with SHERPA 1.1}",
      journal        = "JHEP",
      volume         = "02",
      pages          = "007",
      doi            = "10.1088/1126-6708/2009/02/007",
      year           = "2009",
      eprint         = "0811.4622",
      archivePrefix  = "arXiv",
      primaryClass   = "hep-ph",
}
%%%%%%%%%%%%%%%%%%%%%%%%%%%%%%%%%%%%%%%%%%%%
@article{Hoeche:2012yf,
      author         = "H{\"o}che, Stefan and Krauss, Frank and Sch{\"o}nherr, Marek and
                        Siegert, Frank",
      title          = "{QCD matrix elements + parton showers: The NLO case}",
      journal        = "JHEP",
      volume         = "04",
      year           = "2013",
      pages          = "027",
      doi            = "10.1007/JHEP04(2013)027",
      eprint         = "1207.5030",
      archivePrefix  = "arXiv",
      primaryClass   = "hep-ph",
      reportNumber   = "SLAC-PUB-15191, IPPP-12-52, DCPT-12-104, LPN12-081,
                        FR-PHENO-2012-017, MCNET-12-09, --FR-PHENO-2012-017",
      SLACcitation   = "%%CITATION = ARXIV:1207.5030;%%"
}

%%%%%%%%%%%%%%%%%%%%%%%%%%%%%%%%%%%%%%%%%%%%
@article{Kant:2014oha,
      author         = "Kant, P. and Kind, O. M. and Kintscher, T. and Lohse, T.
                        and Martini, T. and Mölbitz, S. and Rieck, P. and Uwer,
                        P.",
      title          = "{HATHOR  for single top-quark production: Updated
                        predictions and uncertainty estimates for single top-quark
                        production in hadronic collisions}",
      journal        = "Comput. Phys. Commun.",
      volume         = "191",
      year           = "2015",
      pages          = "74-89",
      doi            = "10.1016/j.cpc.2015.02.001",
      eprint         = "1406.4403",
      archivePrefix  = "arXiv",
      primaryClass   = "hep-ph",
      reportNumber   = "HU-EP-14-22",
      SLACcitation   = "%%CITATION = ARXIV:1406.4403;%%"
}
%%%%%%%%%%%%%%%%%%%%%%%%%%%%%%%%%%%%%%%%%%%%
@article{Lai:2010vv,
      author         = "Lai, Hung-Liang and Guzzi, Marco and Huston, Joey and Li,
                        Zhao and Nadolsky, Pavel M. and Pumplin, Jon and Yuan, C.
                        -P.",
      title          = "{New parton distributions for collider physics}",
      journal        = "Phys. Rev.",
      volume         = "D82",
      year           = "2010",
      pages          = "074024",
      doi            = "10.1103/PhysRevD.82.074024",
      eprint         = "1007.2241",
      archivePrefix  = "arXiv",
      primaryClass   = "hep-ph",
      reportNumber   = "MSUHEP-100707, SMU-HEP-10-10",
      SLACcitation   = "%%CITATION = ARXIV:1007.2241;%%"
}
%%%%%%%%%%%%%%%%%%%%%%%%%%%%%%%%%%%%%%%%%%%%
@article{Martin:2009iq,
      author         = "Martin, A. D. and Stirling, W. J. and Thorne, R. S. and
                        Watt, G.",
      title          = "{Parton distributions for the LHC}",
      journal        = "Eur. Phys. J.",
      volume         = "C63",
      year           = "2009",
      pages          = "189-285",
      doi            = "10.1140/epjc/s10052-009-1072-5",
      eprint         = "0901.0002",
      archivePrefix  = "arXiv",
      primaryClass   = "hep-ph",
      reportNumber   = "IPPP-08-95, DCPT-08-190, CAVENDISH-HEP-08-16",
      SLACcitation   = "%%CITATION = ARXIV:0901.0002;%%"
}
%%%%%%%%%%%%%%%%%%%%%%%%%%%%%%%%%%%%%%%%%%%%
@article{Read:2002hq,
      author         = "Read, Alexander L.",
      title          = "{Presentation of search results: The CL(s) technique}",
      journal        = "J. Phys. G",
      volume         = "28",
      pages          = "2693-2704",
      doi            = "10.1088/0954-3899/28/10/313",
      year           = "2002",
      SLACcitation   = "%%CITATION = JPHGB,G28,2693;%%",
}
%%%%%%%%%%%%%%%%%%%%%%%%%%%%%%%%%%%%%%%%%%%%
@article{Schumann:2007mg,
      author         = "Schumann, Steffen and Krauss, Frank",
      title          = "{A Parton shower algorithm based on Catani-Seymour dipole
                        factorisation}",
      journal        = "JHEP",
      volume         = "03",
      pages          = "038",
      doi            = "10.1088/1126-6708/2008/03/038",
      year           = "2008",
      eprint         = "0709.1027",
      archivePrefix  = "arXiv",
      primaryClass   = "hep-ph",
}
%%%%%%%%%%%%%%%%%%%%%%%%%%%%%%%%%%%%%%%%%%%%
@Article{Sjostrand:2006za,
     author    = "Sj{\"o}strand, Torbjorn and Mrenna, Stephen and Skands, Peter
                  Z.",
     title     = "{PYTHIA 6.4 Physics and Manual}",
     journal   = "JHEP",
     volume    = "05",
     year      = "2006",
     pages     = "026",
     eprint    = "hep-ph/0603175",
     archivePrefix = "arXiv",
     doi       = "10.1088/1126-6708/2006/05/026",
     SLACcitation  = "%%CITATION = HEP-PH/0603175;%%"
}
%%%%%%%%%%%%%%%%%%%%%%%%%%%%%%%%%%%%%%%%%%%%
@article{Sjostrand:2007gs,
      author         = "Sj{\"o}strand, Torbjorn and Mrenna, Stephen and Skands, Peter
                        Z.",
      title          = "{A Brief Introduction to PYTHIA 8.1}",
      journal        = "Comput.Phys.Commun.",
      volume         = "178",
      pages          = "852-867",
      doi            = "10.1016/j.cpc.2008.01.036",
      year           = "2008",
      eprint         = "0710.3820",
      archivePrefix  = "arXiv",
      primaryClass   = "hep-ph",
      reportNumber   = "CERN-LCGAPP-2007-04, LU-TP-07-28,
                        FERMILAB-PUB-07-512-CD-T",
      SLACcitation   = "%%CITATION = ARXIV:0710.3820;%%",
}

%%%%%%%%%%%%%%%%%%%%%%%%%%%%%%%%%%%%%%%%%%%%
@article{Skands:2010ak,
      author         = "Skands, Peter Zeiler",
      title          = "{Tuning Monte Carlo Generators: The Perugia Tunes}",
      journal        = "Phys. Rev. D",
      volume         = "82",
      year           = "2010",
      pages          = "074018",
      doi            = "10.1103/PhysRevD.82.074018",
      eprint         = "1005.3457",
      archivePrefix  = "arXiv",
      primaryClass   = "hep-ph",
      reportNumber   = "MCNET-10-08, CERN-PH-TH-2010-113",
      SLACcitation   = "%%CITATION = ARXIV:1005.3457;%%"
}
%%%%%%%%%%%%%%%%%%%%%%%%%%%%%%%%%%%%%%%%%%%%
@article{Was:2011tv,
      author         = "Jadach, Stanislaw and Kuhn, Johann H. and Was, Zbigniew",
      title          = "{TAUOLA: A Library of Monte Carlo programs to simulate
                        decays of polarized tau leptons}",
      journal        = "Comput. Phys. Commun.",
      volume         = "64",
      year           = "1990",
      pages          = "275-299",
      doi            = "10.1016/0010-4655(91)90038-M",
      reportNumber   = "CERN-TH-5856-90",
      SLACcitation   = "%%CITATION = CPHCB,64,275;%%"
}

%%%%%%%%%%%%%%%%%%%%%%%%%%%%%%%%%%%%%%%%%%%%
@article{atlfast,
        author="{ATLAS Collaboration}",
        title="{The simulation principle and performance of the ATLAS fast calorimeter simulation FastCaloSim}",
        journal="ATL-PHYS-PUB-2010-013",
        year="2010",
        url="http://cds.cern.ch/record/1300517",
}
%%%%%%%%%%%%%%%%%%%%%%%%%%%%%%%%%%%%%%%%%%%%
@article{topxs:2014,
      author         = "Czakon, Michal and Mitov, Alexander",
      title          = "{Top++: A Program for the Calculation of the Top-Pair
                        Cross-Section at Hadron Colliders}",
      journal        = "Comput. Phys. Commun.",
      volume         = "185",
      year           = "2014",
      pages          = "2930",
      doi            = "10.1016/j.cpc.2014.06.021",
      eprint         = "1112.5675",
      archivePrefix  = "arXiv",
      primaryClass   = "hep-ph",
      reportNumber   = "CERN-PH-TH-2011-303, TTK-11-58",
      SLACcitation   = "%%CITATION = ARXIV:1112.5675;%%"
}


%%%%%%%%%%%%%%%%%%%%%%%%%%%%%%%%%%%%%%%%%%%%
@article{wtxs:2014oha,
      author         = "Nikolaos Kidonakis",
      title          = "{Two-loop soft anomalous dimensions for single top quark associated production with a W- or H-}",
      journal        = "Phys.Rev. D",
      volume         = "82",
      year           = "2010",
      pages          = "054018",
      doi            = "10.1103/PhysRevD.82.054018",
      eprint         = "1005.4451",
      archivePrefix  = "arXiv",
      primaryClass   = "hep-ph",
      SLACcitation   = "%%CITATION = ARXIV:1406.4403;%%"
}
%%%%%%%%%%%%%%%%%%%%%%%%%%%%%%%%%%%%%%%%%%%%
@article{Beenakker:1996ch,
      author         = "Beenakker, W. and Hopker, R. and Spira, M. and Zerwas,
                        P.M.",
      title          = "{Squark and gluino production at hadron colliders}",
      journal        = "Nucl. Phys. B",
      volume         = "492",
      pages          = "51-103",
      doi            = "10.1016/S0550-3213(97)00084-9",
      year           = "1997",
      eprint         = "hep-ph/9610490",
      archivePrefix  = "arXiv",
      reportNumber   = "DESY-96-150, CERN-TH-96-215",
      SLACcitation   = "%%CITATION = HEP-PH/9610490;%%",
}

%%%%%%%%%%%%%%%%%%%%%%%%%%%%%%%%%%%%%%%%%%%%
@article{Beenakker:2009ha,
      author         = "Beenakker, Wim and others",
      title          = "{Soft-gluon resummation for squark and gluino
                        hadroproduction}",
      journal        = "JHEP",
      volume         = "12",
      pages          = "041",
      doi            = "10.1088/1126-6708/2009/12/041",
      year           = "2009",
      eprint         = "0909.4418",
      archivePrefix  = "arXiv",
      primaryClass   = "hep-ph",
      reportNumber   = "ITP-UU-09-33, NIKHEF-2009-015",
      SLACcitation   = "%%CITATION = ARXIV:0909.4418;%%",                                                                                                                     
}


%%%%%%%%%%%%%%%%%%%%%%%%%%%%%%%%%%%%%%%%%%%%
@article{Beenakker:2011fu,
      author         = "Beenakker, W. and others",
      title          = "{Squark and gluino hadroproduction}",
      journal        = "Int. J. Mod. Phys. A",
      volume         = "26",
      pages          = "2637-2664",
      doi            = "10.1142/S0217751X11053560",
      year           = "2011",
      eprint         = "1105.1110",
      archivePrefix  = "arXiv",
      primaryClass   = "hep-ph",
      reportNumber   = "DESY-11-060, ITFA-11-09, ITP-UU-11-13, NIKHEF-2011-011,
                        TTK-11-12",
      SLACcitation   = "%%CITATION = ARXIV:1105.1110;%%",                                                                                                                     
}

%%%%%%%%%%%%%%%%%%%%%%%%%%%%%%%%%%%%%%%%%%%%
@article{Campbell:2012,
      author         = "Campbell, John M. and Ellis, R. Keith",
      title          = "{$t \bar{t} W^{+-}$ production and decay at NLO}",
      journal        = "JHEP",
      volume         = "07",
      year           = "2012",
      pages          = "052",
      doi            = "10.1007/JHEP07(2012)052",
      eprint         = "1204.5678",
      archivePrefix  = "arXiv",
      primaryClass   = "hep-ph",
      reportNumber   = "FERMILAB-PUB-12-109-T",
      SLACcitation   = "%%CITATION = ARXIV:1204.5678;%%"
}



%%%%%%%%%%%%%%%%%%%%%%%%%%%%%%%%%%%%%%%%%%%%
@article{Kulesza:2008jb,
      author         = "Kulesza, A. and Motyka, L.",
      title          = "{Threshold resummation for squark-antisquark and
                        gluino-pair production at the LHC}",
      journal        = "Phys. Rev. Lett.",
      volume         = "102",
      pages          = "111802",
      doi            = "10.1103/PhysRevLett.102.111802",
      year           = "2009",
      eprint         = "0807.2405",
      archivePrefix  = "arXiv",
      primaryClass   = "hep-ph",
      reportNumber   = "DESY-08-096",
      SLACcitation   = "%%CITATION = ARXIV:0807.2405;%%",                                                                                                                     
}

%%%%%%%%%%%%%%%%%%%%%%%%%%%%%%%%%%%%%%%%%%%%
@article{Kulesza:2009kq,
      author         = "Kulesza, A. and Motyka, L.",
      title          = "{Soft gluon resummation for the production of
                        gluino-gluino and squark-antisquark pairs at the LHC}",
      journal        = "Phys. Rev. D",
      volume         = "80",
      pages          = "095004",
      doi            = "10.1103/PhysRevD.80.095004",
      year           = "2009",
      eprint         = "0905.4749",
      archivePrefix  = "arXiv",
      primaryClass   = "hep-ph",
      reportNumber   = "DESY-09-078, PITHA-09-11",
      SLACcitation   = "%%CITATION = ARXIV:0905.4749;%%",                                                                                                                     
}


%%%%%%%%%%%%%%%%%%%%%%%%%%%%%%%%%%%%%%%%%%%%
@article{Lazopoulos:2008,
      author         = "Lazopoulos, Achilleas and McElmurry, Thomas and Melnikov,
                        Kirill and Petriello, Frank",
      title          = "{Next-to-leading order QCD corrections to $t \bar{t} Z$
                        production at the LHC}",
      journal        = "Phys. Lett.",
      volume         = "B666",
      year           = "2008",
      pages          = "62-65",
      doi            = "10.1016/j.physletb.2008.06.073",
      eprint         = "0804.2220",
      archivePrefix  = "arXiv",
      primaryClass   = "hep-ph",
      reportNumber   = "UH-511-1125-08",
      SLACcitation   = "%%CITATION = ARXIV:0804.2220;%%"
}

%%%%%%%%%%%%%%%%%%%%%%%%%%%%%%%%%%%%%%%%%%%%
@article{Pumplin:2002vw,
      author         = "Pumplin, J. and others",
      title          = "{New generation of parton distributions with
                        uncertainties from global QCD analysis}",
      journal        = "JHEP",
      volume         = "07",
      pages          = "012",
      doi            = "10.1088/1126-6708/2002/07/012",
      year           = "2002",
      eprint         = "hep-ph/0201195",
      archivePrefix  = "arXiv",
      reportNumber   = "MSU-HEP-011101",
      SLACcitation   = "%%CITATION = HEP-PH/0201195;%%"                                                                                                     
}

