@article{WeakGlashow,
  title={Partial-symmetries of weak interactions},
  author={Glashow, Sheldon L},
  journal={Nuclear Physics},
  volume={22},
  number={4},
  pages={579--588},
  year={1961},
  publisher={Elsevier}
}

@article{WeakWeinberg,
  title={A model of leptons},
  author={Weinberg, Steven},
  journal={Physical review letters},
  volume={19},
  number={21},
  pages={1264},
  year={1967},
  publisher={APS}
}

@article{WeakSalam,
  title={Electromagnetic and weak interactions},
  author={Salam, Abdus and Ward, John Clive},
  journal={Physics Letters},
  volume={13},
  number={2},
  pages={168--171},
  year={1964},
  publisher={Elsevier}
}

@article{SSBBroutEnglert,
  title={Broken symmetry and the mass of gauge vector mesons},
  author={Englert, Fran{\c{c}}ois and Brout, Robert},
  journal={Physical Review Letters},
  volume={13},
  number={9},
  pages={321},
  year={1964},
  publisher={APS}
}
@article{SSBHiggs,
  title={Broken symmetries, massless particles and gauge fields},
  author={Higgs, Peter W},
  journal={Physics Letters},
  volume={12},
  number={2},
  pages={132--133},
  year={1964},
  publisher={North-Holland}
}


@article{PVLeeYang,
  title={Question of parity conservation in weak interactions},
  author={Lee, Tsung-Dao and Yang, Chen-Ning},
  journal={Physical Review},
  volume={104},
  number={1},
  pages={254},
  year={1956},
  publisher={APS}
}


@article{PVWu,
  title={Experimental test of parity conservation in beta decay},
  author={Wu, Chien-Shiung and Ambler, Ernest and Hayward, RW and Hoppes, DD and Hudson, R Pl},
  journal={Physical review},
  volume={105},
  number={4},
  pages={1413},
  year={1957},
  publisher={APS}
}




@article{DMGallaxyRotation1,
  title={Rotation of the andromeda nebula from a spectroscopic survey of emission regions},
  author={Rubin, Vera C and Ford Jr, W Kent},
  journal={The Astrophysical Journal},
  volume={159},
  pages={379},
  year={1970}
}
@article{DMGallaxyRotation2,
  title={Rotational properties of 21 SC galaxies with a large range of luminosities and radii, from NGC 4605/R= 4kpc/to UGC 2885/R= 122 kpc},
  author={Rubin, Vera C and Ford Jr, W Kent and Thonnard, Norbert},
  journal={The Astrophysical Journal},
  volume={238},
  pages={471--487},
  year={1980}
}


@article{HMassHeiararchyWeinberg1,
  title={Implications of dynamical symmetry breaking},
  author={Weinberg, Steven},
  journal={Physical Review D},
  volume={13},
  number={4},
  pages={974},
  year={1976},
  publisher={APS}
}
@article{HMassHeiararchyWeinberg2,
  title={Implications of dynamical symmetry breaking: an addendum},
  author={Weinberg, Steven},
  journal={Physical Review D},
  volume={19},
  number={4},
  pages={1277},
  year={1979},
  publisher={APS}
}
@article{HMassHeiararchyGildener,
  title={Gauge-symmetry hierarchies},
  author={Gildener, Eldad},
  journal={Physical Review D},
  volume={14},
  number={6},
  pages={1667},
  year={1976},
  publisher={APS}
}
@article{HMassHeiararchySusskind,
  title={Dynamics of spontaneous symmetry breaking in the Weinberg-Salam theory},
  author={Susskind, Leonard},
  journal={Physical Review D},
  volume={20},
  number={10},
  pages={2619},
  year={1979},
  publisher={APS}
}


@article{HMassCancelDJ,
  title={Softly broken supersymmetry and SU (5)},
  author={Dimopoulos, Savas and Georgi, Howard},
  journal={Nuclear Physics B},
  volume={193},
  number={1},
  pages={150--162},
  year={1981},
  publisher={Elsevier}
}

@article{HMassCancelKaul,
  title={Cancellation of quadratically divergent mass corrections in globally supersymmetric spontaneously broken gauge theories},
  author={Kaul, Romesh K and Majumdar, Parthasarathi},
  journal={Nuclear Physics B},
  volume={199},
  number={1},
  pages={36--58},
  year={1982},
  publisher={Elsevier}
}


@article{HMassCancelSakai,
  title={Naturalnes in supersymmetric GUTS},
  author={Sakai, N},
  journal={Zeitschrift f{\"u}r Physik C Particles and Fields},
  volume={11},
  number={2},
  pages={153--157},
  year={1981},
  publisher={Springer}
}



@article{Higgs125SUSYHall,
  title={A natural SUSY Higgs near 125 GeV},
  author={Hall, Lawrence J and Pinner, David and Ruderman, Joshua T},
  journal={Journal of High Energy Physics},
  volume={2012},
  number={4},
  pages={131},
  year={2012},
  publisher={Springer}
}

@article{gluinoSquarkLHC,
  title={Squark and gluino production at hadron colliders},
  author={Beenakker, Wim and H{\"o}pker, R and Spira, Michael and Zerwas, PM},
  journal={Nuclear Physics B},
  volume={492},
  number={1-2},
  pages={51--103},
  year={1997},
  publisher={Elsevier}
}


@article{protonDecaySuperK,
  title={Search for Proton Decay via $p \rightarrow e^+ \pi_0$ and $p \rightarrow \mu^+ \pi_0$ in a Large Water Cherenkov Detector},
  author={Nishino, H and Clark, S and Abe, K and Hayato, Y and Iida, T and Ikeda, M and Kameda, J and Kobayashi, K and Koshio, Y and Miura, M and others},
  journal={Physical Review Letters},
  volume={102},
  number={14},
  pages={141801},
  year={2009},
  publisher={APS}
}


@article{HiggsSpinATLAS,
  title={Evidence for the spin-0 nature of the Higgs boson using ATLAS data},
  author={Atlas Collaboration and others},
  journal={Physics Letters B},
  volume={726},
  number={1},
  pages={120--144},
  year={2013},
  publisher={Elsevier}
}

@article{HiggsSpinCMS,
  title={Constraints on the spin-parity and anomalous H V V couplings of the Higgs boson in proton collisions at 7 and 8 TeV},
  author={Khachatryan, Vardan and Sirunyan, AM and Tumasyan, Armen and Adam, Wolfgang and Bergauer, Thomas and Dragicevic, M and Er{\"o}, J and Friedl, M and Fr{\"u}hwirth, R and Ghete, VM and others},
  journal={Physical Review D},
  volume={92},
  number={1},
  pages={012004},
  year={2015},
  publisher={APS}
}


@book{SUGRA,
  title={Supersymmetry and supergravity},
  author={Wess, Julius and Bagger, Jonathan},
  year={1992},
  publisher={Princeton university press}
}

@article{AMSB1,
  title={Gaugino mass without singlets},
  author={Giudice, Gian F and Rattazzi, Riccardo and Luty, Markus A and Murayama, Hitoshi},
  journal={Journal of High Energy Physics},
  volume={1998},
  number={12},
  pages={027},
  year={1999},
  publisher={IOP Publishing}
}

@article{AMSB2,
  title={Out of this world supersymmetry breaking},
  author={Randall, Lisa and Sundrum, Raman},
  journal={Nuclear Physics B},
  volume={557},
  number={1-2},
  pages={79--118},
  year={1999},
  publisher={Elsevier}
}

@article{GMSB,
  title={Theories with gauge mediated supersymmetry breaking, Phys. Rept. 322 (1999) 419--499},
  author={Giudice, GF and Rattazzi, R},
  journal={arXiv preprint hep-ph/9801271},
  volume={89}
}