Automatically generated by Mendeley Desktop 1.17.10
Any changes to this file will be lost if it is regenerated by Mendeley.

BibTeX export options can be customized via Preferences -> BibTeX in Mendeley Desktop

@article{135_vertexing_Run1_2012,
author = {{ATLAS Collaboration}},
file = {:Users/cshionjp/Desktop/Lab/documentation/DoctoralThesis/reference/objectDef/vertex/135{\_}vertexing{\_}Run1{\_}2012new.pdf:pdf},
journal = {ATLAS-CONF},
title = {{Performance of the ATLAS Inner Detector Track and Vertex Reconstruction in the High Pile-Up LHC Environment}},
volume = {2012-042},
year = {2012}
}
@article{134_vertexing_Run1,
author = {{ATLAS Collaboration}},
file = {:Users/cshionjp/Desktop/Lab/documentation/DoctoralThesis/reference/objectDef/vertex/134{\_}vertexing{\_}Run1.pdf:pdf},
journal = {ATLAS-CONF},
title = {{Performance of primary vertex reconstruction in proton-proton collisions at sqrt(s)=7 TeV in the ATLAS experiment}},
url = {https://cds.cern.ch/record/1281344},
volume = {2010-069},
year = {2010}
}
@article{136_adaVertexFit,
author = {Waltenberger, Wolfgang and Fr{\"{u}}hwirth, Rudolf and Vanlaer, Pascal},
doi = {10.1088/0954-3899/34/12/N01},
file = {:Users/cshionjp/Desktop/Lab/documentation/DoctoralThesis/reference/objectDef/vertex/136{\_}adaVertexFit.pdf:pdf},
journal = {J. Phys. G: Nucl. Part. Phys.},
pages = {343--356},
title = {{Adaptive vertex fitting}},
volume = {34},
year = {2007}
}
