Automatically generated by Mendeley Desktop 1.17.10
Any changes to this file will be lost if it is regenerated by Mendeley.

BibTeX export options can be customized via Preferences -> BibTeX in Mendeley Desktop

@article{CCApatterRecog,
author = {Osenfeld, Azriel and L., John Pfaltz},
file = {:Users/cshionjp/Desktop/Lab/documentation/DoctoralThesis/reference/objectDef/tracks/131{\_}SequentialOperationImaging.pdf:pdf},
journal = {Journal of the ACM},
number = {4},
pages = {471--494},
title = {{Sequential Operations in Digital Picture Processing}},
volume = {13},
year = {1966}
}
@article{130_trackingRun2,
author = {{ATLAS Collaboration}},
file = {:Users/cshionjp/Desktop/Lab/documentation/DoctoralThesis/reference/objectDef/tracks/130{\_}ATLAS{\_}TrackingRun2.pdf:pdf},
journal = {ATL-PHYS-PUB},
title = {{The Optimization of ATLAS Track Reconstruction in Dense Environments}},
volume = {2015-006},
year = {2015}
}
@article{133_KalmanFitter,
author = {Fr{\"{u}}hwirth, R.},
file = {:Users/cshionjp/Desktop/Lab/documentation/DoctoralThesis/reference/objectDef/tracks/133{\_}KalmanFitter{\_}trackVertexing.pdf:pdf},
journal = {Nuclear Inst. and Methods in Physics Research, A},
pages = {444--450},
title = {{Aplication of Kalman Filtering to track and vertex fitting}},
volume = {262},
year = {1987}
}
@inproceedings{157_ATLASGlobTrackFitter,
author = {Cerati, Giuseppe and Elmer, Peter and Lantz, Steven},
booktitle = {International Conference on Computing in High Enegy and Nuclear Physics},
doi = {10.1088/1742-6596/119/3/032013},
file = {:Users/cshionjp/Desktop/Lab/documentation/DoctoralThesis/reference/objectDef/tracks/157{\_}ATLASGlobTrackFitter.pdf:pdf},
title = {{Advances in tracking and trigger concepts}},
year = {2008}
}
@article{NNClustering,
author = {{ATLAS Collaboration}},
doi = {10.1088/1748-0221/9/09/P09009},
file = {:Users/cshionjp/Desktop/Lab/documentation/DoctoralThesis/reference/objectDef/tracks/132{\_}NNclustering{\_}pixelDetector.pdf:pdf},
journal = {J. Instrum.},
number = {P09009},
title = {{A neural network clustering algorithm for the ATLAS silicon pixel detector}},
volume = {9},
year = {2014}
}
