Automatically generated by Mendeley Desktop 1.17.10
Any changes to this file will be lost if it is regenerated by Mendeley.

BibTeX export options can be customized via Preferences -> BibTeX in Mendeley Desktop

@article{CMS_SUSY_2LSS,
author = {{CMS Collaboration}},
file = {:Users/cshionjp/Desktop/Lab/documentation/DoctoralThesis/reference/SUSY{\_}CMS{\_}Run2{\_}36/CMS{\_}2LSS{\_}SUS-16-035-pas.pdf:pdf},
journal = {CMS PAS SUS},
title = {{Search for beyond the standard model physics in events with two leptons of the same sign, missing transverse momentum, and jets in proton-proton collisions at sqrt(s)=13 TeV}},
volume = {16-035},
year = {2017}
}
@article{CMS_SUSY_strong1L,
author = {{CMS Collaboration}},
file = {:Users/cshionjp/Desktop/Lab/documentation/DoctoralThesis/reference/SUSY{\_}CMS{\_}Run2{\_}36/CMS{\_}strong1L{\_}dPhi{\_}SUS-16-042-pas.pdf:pdf},
journal = {CMS PAS SUS},
title = {{Search for supersymmetry in events with one lepton and multiple jets in proton-proton collisions at sqrt(s)=13 TeV with 2016 data}},
volume = {16-042},
year = {2017}
}
@misc{CMS_SUSY_PubResult,
author = {{CMS Collaboration}},
file = {:Users/cshionjp/Desktop/Lab/documentation/DoctoralThesis/reference/SUSY{\_}CMS{\_}Run2{\_}36/CMS{\_}SUSY{\_}PublicPlots.rtf:rtf},
title = {{CMS Supersymmetry Physics Results}},
url = {https://twiki.cern.ch/twiki/bin/view/CMSPublic/PhysicsResultsSUS},
year = {2017}
}
@article{CMS_SUYS_MT2,
author = {{CMS Collaboration}},
file = {:Users/cshionjp/Desktop/Lab/documentation/DoctoralThesis/reference/SUSY{\_}CMS{\_}Run2{\_}36/CMS{\_}strong0L{\_}MT2{\_}SUS-16-035-pas.pdf:pdf},
journal = {CMS PAS SUS},
title = {{Search for new physics in the all-hadronic final state with the MT2 variable}},
volume = {16-036},
year = {2017}
}
@article{CMS_SUSY_sort2L,
author = {{CMS Collaboration}},
file = {:Users/cshionjp/Desktop/Lab/documentation/DoctoralThesis/reference/SUSY{\_}CMS{\_}Run2{\_}36/CMS{\_}EW2Lsoft{\_}SUS-16-048-pas.pdf:pdf},
journal = {CMS PAS SUS},
title = {{Search for new physics in events with two low momentum opposite-sign leptons and missing transverse energy at sqrt(s)=13 TeV}},
volume = {16-048},
year = {2017}
}
@article{CMS_SUSY_EWK2L3L,
author = {{CMS Collaboration}},
file = {:Users/cshionjp/Desktop/Lab/documentation/DoctoralThesis/reference/SUSY{\_}CMS{\_}Run2{\_}36/CMS{\_}EW2L3L4L{\_}SUS-16-039-pas.pdf:pdf},
journal = {CMS PAS SUS},
title = {{Search for electroweak production of charginos and neutralinos in multilepton final states in pp collision data at sqrt(s)=13 TeV}},
volume = {16-039},
year = {2017}
}
@article{CMS_SUSY_strong1L_MJ,
author = {{CMS Collaboration}},
file = {:Users/cshionjp/Desktop/Lab/documentation/DoctoralThesis/reference/SUSY{\_}CMS{\_}Run2{\_}36/CMS{\_}strong1L{\_}MJ{\_}SUS-16-035-pas.pdf:pdf},
journal = {CMS PAS SUS},
title = {{Search for supersymmetry in pp collisions at sqrt(s)=13 TeV in the single-lepton final state using the sum of masses of large-radius jets}},
volume = {16-037},
year = {2017}
}
@article{CMS_SUSY_multijet,
author = {{CMS Collaboration}},
file = {:Users/cshionjp/Desktop/Lab/documentation/DoctoralThesis/reference/SUSY{\_}CMS{\_}Run2{\_}36/CMS{\_}strong0L{\_}MHT{\_}SUS-16-033-pas.pdf:pdf},
journal = {CMS PAS SUS},
title = {{Search for supersymmetry in multijet events with missing transverse momentum in proton-proton collisions at 13 TeV}},
volume = {16-033},
year = {2017}
}
@article{CMS_SUSY_LLDT_Run1,
archivePrefix = {arXiv},
arxivId = {arXiv:1411.6006v2},
author = {{CMS Collaboration}},
doi = {10.1007/JHEP01(2015)096.c},
eprint = {arXiv:1411.6006v2},
file = {:Users/cshionjp/Desktop/Lab/documentation/DoctoralThesis/reference/SUSY{\_}CMS{\_}Run2{\_}36/CMS{\_}LLDT{\_}Run1{\_}1411.6006.pdf:pdf},
journal = {Journal of High Energy Physics},
keywords = {CMS-EXO-12-034},
mendeley-tags = {CMS-EXO-12-034},
number = {96},
title = {{Search for disappearing tracks in proton-proton collisions at sqrt(s)=8 TeV}},
volume = {2015},
year = {2015}
}
@article{CMS_SUSY_RAZOR,
author = {{CMS Collaboration}},
file = {:Users/cshionjp/Desktop/Lab/documentation/DoctoralThesis/reference/SUSY{\_}CMS{\_}Run2{\_}36/CMS{\_}RAZOR{\_}Higgs{\_}SUS-16-045-pas.pdf:pdf},
journal = {CMS PAS SUS},
title = {{Search for Supersymmetry with Higgs to diphoton decays}},
volume = {16-045},
year = {2017}
}
