Automatically generated by Mendeley Desktop 1.17.10
Any changes to this file will be lost if it is regenerated by Mendeley.

BibTeX export options can be customized via Preferences -> BibTeX in Mendeley Desktop

@article{165_muonPerf2011_2012,
archivePrefix = {arXiv},
arxivId = {arXiv:1407.3935v2},
author = {{ATLAS Collaboration}},
eprint = {arXiv:1407.3935v2},
file = {:Users/cshionjp/Desktop/Lab/documentation/DoctoralThesis/reference/objectDef/muons/165{\_}muonPerformance2011{\_}2012.pdf:pdf},
journal = {CERN-PH-EP},
keywords = {CERN-PH-EP-2014-151},
mendeley-tags = {CERN-PH-EP-2014-151},
title = {{Measurement of the muon reconstruction performance of the Measurement of the muon reconstruction performance of the ATLAS detector using 2011 and 2012 LHC proton – proton collision data}},
volume = {2014-151},
year = {2014}
}
@article{166_muonPerformance2015data,
archivePrefix = {arXiv},
arxivId = {arXiv:1603.05598v2},
author = {{ATLAS Collaboration}},
doi = {10.1140/epjc/s10052-016-4120-y},
eprint = {arXiv:1603.05598v2},
file = {:Users/cshionjp/Desktop/Lab/documentation/DoctoralThesis/reference/objectDef/muons/MuonRecoMeas{\_}2015data{\_}NOTE.pdf:pdf;:Users/cshionjp/Desktop/Lab/documentation/DoctoralThesis/reference/objectDef/muons/166{\_}MuonRecoMeas{\_}2015data.pdf:pdf},
isbn = {1005201641},
journal = {Eur. Phys. J. C},
number = {292},
title = {{Muon reconstruction performance of the ATLAS detector in proton–proton collision data at sqrt(s)=13 TeV}},
volume = {76},
year = {2016}
}
