Automatically generated by Mendeley Desktop 1.17.10
Any changes to this file will be lost if it is regenerated by Mendeley.

BibTeX export options can be customized via Preferences -> BibTeX in Mendeley Desktop

@article{140_jetEneMeas_TCcalib,
archivePrefix = {arXiv},
arxivId = {arXiv:1112.6426v1},
author = {{ATLAS Collaboration}},
eprint = {arXiv:1112.6426v1},
file = {:Users/cshionjp/Desktop/Lab/documentation/DoctoralThesis/reference/objectDef/topoCluster/140{\_}jetEneMeas{\_}TCcalib.pdf:pdf},
journal = {Eur. Phys. J. C},
keywords = {CERN-PH-EP-2011-191},
mendeley-tags = {CERN-PH-EP-2011-191},
number = {2304},
title = {{Jet energy measurement with the ATLAS detector in proton-proton collisions at sqrt(s)=7 TeV}},
volume = {73},
year = {2013}
}
@article{138_topoClustering_Run1,
archivePrefix = {arXiv},
arxivId = {arXiv:1603.02934v2},
author = {{ATLAS Collaboration}},
eprint = {arXiv:1603.02934v2},
file = {:Users/cshionjp/Desktop/Lab/documentation/DoctoralThesis/reference/objectDef/topoCluster/138{\_}topoClustering{\_}Run1.pdf:pdf},
journal = {CERN-PH-EP},
title = {{Topological cell clustering in the ATLAS calorimeters and its performance in LHC Run1}},
volume = {2015-304},
year = {2016}
}
@phdthesis{Fabjan2008,
author = {Fabjan, Christian},
file = {:Users/cshionjp/Desktop/Lab/documentation/DoctoralThesis/reference/objectDef/topoCluster/137{\_}testBeam{\_}TC.pdf:pdf},
title = {{Energy Measurement of Hadrons with the CERN ATLAS Calorimeter}},
year = {2008}
}
