Automatically generated by Mendeley Desktop 1.17.10
Any changes to this file will be lost if it is regenerated by Mendeley.

BibTeX export options can be customized via Preferences -> BibTeX in Mendeley Desktop

@article{AsymptoticAsimov,
author = {Cowan, Glen and Cranmer, Kyle and Gross, Eilam and Vitells, Ofer},
doi = {10.1140/epjc/s10052-011-1554-0},
file = {:Users/cshionjp/Desktop/Lab/documentation/DoctoralThesis/reference/statistics/AsymptoticAsimov.pdf:pdf},
journal = {Eur. Phys. J. C},
number = {1554},
title = {{Asymptotic formulae for likelihood-based tests of new physics}},
volume = {71},
year = {2011}
}
@techreport{HistFactory,
author = {Cranmer, K. and Lewis, George and Moneta, Lorenzo and Shibata, Akira and Verkerke, Wouter},
file = {:Users/cshionjp/Desktop/Lab/documentation/DoctoralThesis/reference/statistics/HistFactory.rtf:rtf},
keywords = {Cern-Open-2012-016},
mendeley-tags = {Cern-Open-2012-016},
title = {{HistFactory; A tool for creating statistical models for use with RooFit and RooStats}},
url = {https://cds.cern.ch/record/1456844/},
year = {2012}
}
@article{NPLemma,
author = {Neyman, Nencki and Pearson, E. S.},
file = {:Users/cshionjp/Desktop/Lab/documentation/DoctoralThesis/reference/statistics/NPLemma.pdf:pdf},
journal = {Philosophical Transactions of the Royal Society of London Series A},
number = {289},
title = {{On the Problem of the most Efficient Tests of Statistical Hypotheses}},
volume = {231},
year = {1933}
}
@techreport{RooFit,
archivePrefix = {arXiv},
arxivId = {arXiv:physics/0306116},
author = {Verkerke, Wouter and Kirkby, David},
eprint = {0306116},
file = {:Users/cshionjp/Desktop/Lab/documentation/DoctoralThesis/reference/statistics/RooFit.rtf:rtf},
primaryClass = {arXiv:physics},
title = {{The RooFit toolkit for data modeling}},
year = {2016}
}
@article{minuit2,
author = {James, F and Roos, M},
file = {:Users/cshionjp/Desktop/Lab/documentation/DoctoralThesis/reference/statistics/minuit.pdf:pdf},
journal = {Computer Physics Communications},
keywords = {contours,correlation,error anal-,fitting,general purpose,global minimum,minimization,nature of physical problem,simplex method,variable metric method,ysis},
pages = {343--367},
title = {{MINUIT A SYSTEM FOR FUNCTION MINIMIZATION AND ANALYSIS LONG WRITE-UP I . Introduction A large class of problems in many different fields of research can be reduced to the problem of finding the smallest value taken on by a function of one or more variable}},
volume = {10},
year = {1975}
}
@article{WaldTheorem,
author = {Wald, Abraham},
file = {:Users/cshionjp/Desktop/Lab/documentation/DoctoralThesis/reference/statistics/ward{\_}theorem.pdf:pdf},
journal = {American Mathematical Society,},
number = {3},
pages = {426--482},
title = {{Tests of Statistical Hypotheses Concerning Several Parameters When the Number of Observations is Large}},
volume = {54},
year = {2017}
}
@article{HistFitter,
author = {Baak, M and Besjes, G J and C{\^{o}}t{\'{e}}, D and Koutsman, A and Lorenz, J and Short, D},
doi = {10.1140/epjc/s10052-015-3327-7},
file = {:Users/cshionjp/Desktop/Lab/documentation/DoctoralThesis/reference/statistics/HistFitter.pdf:pdf},
journal = {Eur. Phys. J. C},
number = {153},
title = {{HistFitter software framework for statistical data analysis}},
volume = {75},
year = {2015}
}
