Automatically generated by Mendeley Desktop 1.17.10
Any changes to this file will be lost if it is regenerated by Mendeley.

BibTeX export options can be customized via Preferences -> BibTeX in Mendeley Desktop

@article{176_MET_Run2_data,
author = {{ATLAS Collaboration}},
file = {:Users/cshionjp/Desktop/Lab/documentation/DoctoralThesis/reference/objectDef/MET/176{\_}MET{\_}Run2.pdf:pdf},
journal = {ATL-PHYS-PUB},
number = {July},
title = {{Expected performance of missing transverse momentum reconstruction for the ATLAS detector at sqrt(s)=13 TeV}},
volume = {2015-023},
year = {2015}
}
@misc{177_MET_data2016,
author = {{ATLAS Collaboration}},
file = {:Users/cshionjp/Desktop/Lab/documentation/DoctoralThesis/reference/objectDef/MET/177{\_}MET{\_}unct.rtf:rtf},
title = {{Missing Transverse Momentum Distribution and Performance in 2016 data}},
url = {https://atlas.web.cern.ch/Atlas/GROUPS/PHYSICS/PLOTS/JETM-2016-008/},
year = {2016}
}
@article{175_MET_Run2_exp,
author = {{ATLAS Collaboration}},
file = {:Users/cshionjp/Desktop/Lab/documentation/DoctoralThesis/reference/objectDef/MET/175{\_}MET{\_}expSimu{\_}Run2.pdf:pdf},
journal = {ATL-PHYS-PUB},
number = {July},
title = {{Performance of missing transverse momentum reconstruction with the ATLAS detector in the first proton-proton collisions at sqrt(s)=13 TeV}},
volume = {2015-027},
year = {2015}
}
